<?xml version="1.0" encoding="utf-8"?>
<record xmlns="http://www.loc.gov/MARC21/slim" xmlns:xsi="http://www.w3.org/2001/XMLSchema-instance" xsi:schemaLocation="http://www.loc.gov/MARC21/slim http://www.loc.gov/standards/marcxml/schema/MARC21slim.xsd">
	<leader>     nam a22     Mi 4500</leader>
	<controlfield tag="001">b12759533</controlfield>
	<controlfield tag="003">LeBAU</controlfield>
	<controlfield tag="006">m        d        </controlfield>
	<controlfield tag="007">cr cn |||m|||a</controlfield>
	<controlfield tag="008">181009s1948    le d    o     ||0 0 ara d</controlfield>
	<datafield ind1=" " ind2=" " tag="040">
		<subfield code="a">ZYU</subfield>
		<subfield code="b">ara</subfield>
		<subfield code="e">rda</subfield>
		<subfield code="c">ZYU</subfield>
	</datafield>
	<datafield ind1=" " ind2="4" tag="050">
		<subfield code="a">HC415.24</subfield>
		<subfield code="b">.G53 1948</subfield>
	</datafield>
	<datafield ind1="0" ind2="4" tag="082">
		<subfield code="a">330.9569</subfield>
		<subfield code="2">22</subfield>
	</datafield>
	<datafield ind1="1" ind2=" " tag="100">
		<subfield code="6">880-01</subfield>
		<subfield code="a">Gibb, Alexander,</subfield>
		<subfield code="d">1872-1958,</subfield>
		<subfield code="e">author.</subfield>
	</datafield>
	<datafield ind1="1" ind2="0" tag="245">
		<subfield code="6">880-02</subfield>
		<subfield code="a">Taqrīr al-Sir Aliksandir Jībb wa-shurakāh ʻan al-taṭawwur al-iqtiṣādī fī Lubnān /</subfield>
		<subfield code="c">al-Jumhūrīyah al-Lubnānīyah, Wizārat al-Iqtiṣād al-Waṭanī ; naqala hadhā al-kitāb ilá al-‘Arabīyah Shafīq Gharz al-Dīn, khabīr wizārat al-iqtiṣād al-waṭanī.</subfield>
	</datafield>
	<datafield ind1="3" ind2="0" tag="246">
		<subfield code="6">880-03</subfield>
		<subfield code="a">Taṭawwur al-iqtiṣādī fī Lubnān</subfield>
	</datafield>
	<datafield ind1=" " ind2="1" tag="264">
		<subfield code="6">880-04</subfield>
		<subfield code="a">[Bayrūt] :</subfield>
		<subfield code="b">Maṭābiʻ Jūzif Salīm Ṣayqalī,</subfield>
		<subfield code="c">1948.</subfield>
	</datafield>
	<datafield ind1=" " ind2=" " tag="300">
		<subfield code="6">880-05</subfield>
		<subfield code="a">online resource (235 pages, 14 unnumbered leaves of plates) :</subfield>
		<subfield code="b">illustrations (some color), maps</subfield>
	</datafield>
	<datafield ind1=" " ind2=" " tag="336">
		<subfield code="a">text</subfield>
		<subfield code="2">rdacontent</subfield>
	</datafield>
	<datafield ind1=" " ind2=" " tag="337">
		<subfield code="a">computer</subfield>
		<subfield code="2">rdamedia</subfield>
	</datafield>
	<datafield ind1=" " ind2=" " tag="338">
		<subfield code="a">online resource</subfield>
		<subfield code="2">rdacarrier</subfield>
	</datafield>
	<datafield ind1=" " ind2=" " tag="500">
		<subfield code="a">Part of the Arabic Collections Online (ACO) project, contributed by American University of Beirut's Jafet Memorial Library.</subfield>
	</datafield>
	<datafield ind1=" " ind2=" " tag="533">
		<subfield code="a">Electronic reproduction.</subfield>
		<subfield code="b">New York, N.Y. :</subfield>
		<subfield code="c">New York University,</subfield>
		<subfield code="d">2018.</subfield>
		<subfield code="5">NNU</subfield>
	</datafield>
	<datafield ind1=" " ind2="0" tag="650">
		<subfield code="6">880-06</subfield>
		<subfield code="a">Economic development</subfield>
		<subfield code="z">Lebanon</subfield>
		<subfield code="x">History</subfield>
		<subfield code="y">20th century.</subfield>
	</datafield>
	<datafield ind1=" " ind2="0" tag="651">
		<subfield code="6">880-07</subfield>
		<subfield code="a">Lebanon</subfield>
		<subfield code="x">Economic conditions</subfield>
		<subfield code="y">20th century.</subfield>
	</datafield>
	<datafield ind1="1" ind2=" " tag="700">
		<subfield code="6">880-08</subfield>
		<subfield code="a">Gharz al-Dīn, Shafīq,</subfield>
		<subfield code="e">translator.</subfield>
	</datafield>
	<datafield ind1="1" ind2=" " tag="710">
		<subfield code="6">880-09</subfield>
		<subfield code="a">Lebanon.</subfield>
		<subfield code="b">Wizārat al-iqtiṣād al-waṭanī,</subfield>
		<subfield code="e">issuing body.</subfield>
	</datafield>
	<datafield ind1="2" ind2=" " tag="710">
		<subfield code="a">Jafet Memorial Library.</subfield>
	</datafield>
	<datafield ind1="0" ind2=" " tag="730">
		<subfield code="a">Arabic Collections Online.</subfield>
	</datafield>
	<datafield ind1="0" ind2="8" tag="776">
		<subfield code="i">Print version:</subfield>
		<subfield code="a">Gibb, Alexander, 1872-1958, author.</subfield>
		<subfield code="t">Taqrīr al-Sir Aliksandir Jībb wa-shurakāh ʻan al-taṭawwur al-iqtiṣādī fī Lubnān</subfield>
		<subfield code="w">(LeBAU)b12759533</subfield>
	</datafield>
	<datafield ind1="4" ind2="0" tag="856">
		<subfield code="u">http://hdl.handle.net/2333.1/rn8pk701</subfield>
	</datafield>
	<datafield ind1="1" ind2=" " tag="880">
		<subfield code="6">100-01</subfield>
		<subfield code="a">جب، ألكسندر،</subfield>
		<subfield code="d">1872-1958،</subfield>
		<subfield code="e">مؤلف.</subfield>
		<subfield code="4">aut.</subfield>
	</datafield>
	<datafield ind1="1" ind2="0" tag="880">
		<subfield code="6">245-02</subfield>
		<subfield code="a">تقرير السر ألكسندر جيب وشركاه عن التطور الإقتصادي في لبنان /</subfield>
		<subfield code="c">الجمهورية اللبنانية، وزارة الاقتصاد الوطني ؛ نقل هذا الكتاب الى العربية شفيق غرز الدين، خبير وزارة الإقتصاد الوطني.</subfield>
	</datafield>
	<datafield ind1="3" ind2="0" tag="880">
		<subfield code="6">246-03</subfield>
		<subfield code="a">التطور الإقتصادي في لبنان</subfield>
	</datafield>
	<datafield ind1=" " ind2="1" tag="880">
		<subfield code="6">264-04</subfield>
		<subfield code="a">[بيروت] :</subfield>
		<subfield code="b">مطابع جوزف سليم صيقلي،</subfield>
		<subfield code="c">1948.</subfield>
	</datafield>
	<datafield ind1=" " ind2=" " tag="880">
		<subfield code="6">300-05</subfield>
		<subfield code="a">235 صفحة، 14 ورقة لوحات :</subfield>
		<subfield code="b">مصورات (بعضها ملون)، خرائط، ؛</subfield>
		<subfield code="c">33 سم</subfield>
	</datafield>
	<datafield ind1=" " ind2="4" tag="880">
		<subfield code="6">650-06</subfield>
		<subfield code="a">التنمية الإقتصادية</subfield>
		<subfield code="z">لبنان</subfield>
		<subfield code="x">تاريخ</subfield>
		<subfield code="y">القرن العشرون.</subfield>
	</datafield>
	<datafield ind1=" " ind2="4" tag="880">
		<subfield code="6">651-07</subfield>
		<subfield code="a">لبنان</subfield>
		<subfield code="x">الاحوال الاقتصادية</subfield>
		<subfield code="y">القرن العشرون.</subfield>
	</datafield>
	<datafield ind1="1" ind2=" " tag="880">
		<subfield code="6">700-08</subfield>
		<subfield code="a">غرز الدين، شفيق،</subfield>
		<subfield code="e">مترجم.</subfield>
		<subfield code="4">trl.</subfield>
	</datafield>
	<datafield ind1="1" ind2=" " tag="880">
		<subfield code="6">710-09</subfield>
		<subfield code="a">لبنان.</subfield>
		<subfield code="b">وزارة الاقتصاد الوطني،</subfield>
		<subfield code="e">هيئة إصدار.</subfield>
		<subfield code="4">isb.</subfield>
	</datafield>
	<datafield ind1=" " ind2=" " tag="959">
		<subfield code="a">NNU</subfield>
		<subfield code="b">WEB</subfield>
		<subfield code="c">GENI</subfield>
		<subfield code="t">0</subfield>
		<subfield code="m">Electronic access</subfield>
		<subfield code="s">01</subfield>
	</datafield>
	<datafield ind1=" " ind2=" " tag="999">
		<subfield code="i">LeBAU_b12759533</subfield>
		<subfield code="s">aub_aco001744</subfield>
		<subfield code="e">(ERROR-MISC)</subfield>
		<subfield code="s">aub_aco001744</subfield>
	</datafield>
</record>
